@article{eugster2003,
    author = {Eugster, Patrick Th. and Felber, Pascal A. and Guerraoui, Rachid and Kermarrec, Anne-Marie},
    title = {The Many Faces of Publish/Subscribe},
    journal = {ACM Comput. Surv.},
    issue_date = {June 2003},
    volume = {35},
    number = {2},
    month = jun,
    year = {2003},
    issn = {0360-0300},
    pages = {114--131},
    numpages = {18},
    url = {http://doi.acm.org/10.1145/857076.857078},
    doi = {10.1145/857076.857078},
    acmid = {857078},
    publisher = {ACM},
    address = {New York, NY, USA},
    keywords = {Distribution, interaction, publish/subscribe},
}

@article{DBLP:journals/corr/abs-1711-00489,
  author    = {Samuel L. Smith and
               Pieter{-}Jan Kindermans and
               Quoc V. Le},
  title     = {Don't Decay the Learning Rate, Increase the Batch Size},
  journal   = {CoRR},
  volume    = {abs/1711.00489},
  year      = {2017},
  url       = {http://arxiv.org/abs/1711.00489},
  archivePrefix = {arXiv},
  eprint    = {1711.00489},
  timestamp = {Mon, 13 Aug 2018 16:46:33 +0200},
  biburl    = {https://dblp.org/rec/bib/journals/corr/abs-1711-00489},
  bibsource = {dblp computer science bibliography, https://dblp.org}
}

@article{scikit-learn,
 title={Scikit-learn: Machine Learning in {P}ython},
 author={Pedregosa, F. and Varoquaux, G. and Gramfort, A. and Michel, V.
         and Thirion, B. and Grisel, O. and Blondel, M. and Prettenhofer, P.
         and Weiss, R. and Dubourg, V. and Vanderplas, J. and Passos, A. and
         Cournapeau, D. and Brucher, M. and Perrot, M. and Duchesnay, E.},
 journal={Journal of Machine Learning Research},
 volume={12},
 pages={2825--2830},
 year={2011}
}
@ARTICLE{Rosenblatt58theperceptron,
    author = {F. Rosenblatt},
    title = {The Perceptron: A Probabilistic Model for Information Storage and Organization in The Brain},
    journal = {Psychological Review},
    year = {1958},
    pages = {65--386}
}

@book{werbos1975beyond,
  title={Beyond Regression: New Tools for Prediction and Analysis in the Behavioral Sciences},
  author={Werbos, P.J.},
  url={https://books.google.de/books?id=z81XmgEACAAJ},
  year={1975},
  publisher={Harvard University}
}
@article{LeCun:1989:BAH:1351079.1351090,
 author = {LeCun, Y. and Boser, B. and Denker, J. S. and Henderson, D. and Howard, R. E. and Hubbard, W. and Jackel, L. D.},
 title = {Backpropagation Applied to Handwritten Zip Code Recognition},
 journal = {Neural Comput.},
 issue_date = {Winter 1989},
 volume = {1},
 number = {4},
 month = dec,
 year = {1989},
 issn = {0899-7667},
 pages = {541--551},
 numpages = {11},
 url = {http://dx.doi.org/10.1162/neco.1989.1.4.541},
 doi = {10.1162/neco.1989.1.4.541},
 acmid = {1351090},
 publisher = {MIT Press},
 address = {Cambridge, MA, USA},
}

@MISC{Ciresan11flexible,
    author = {Dan C. Ciresan and Ueli Meier and Jonathan Masci and Luca M. Gambardella and JÃ¼rgen Schmidhuber},
    title = { Flexible, High Performance Convolutional Neural Networks for Image Classification},
    year = {2011}
}

@misc{tensorflow2015-whitepaper,
title={ {TensorFlow}: Large-Scale Machine Learning on Heterogeneous Systems},
url={https://www.tensorflow.org/},
note={Software available from tensorflow.org},
author={
    Mart\'{\i}n~Abadi and
    Ashish~Agarwal and
    Paul~Barham and
    Eugene~Brevdo and
    Zhifeng~Chen and
    Craig~Citro and
    Greg~S.~Corrado and
    Andy~Davis and
    Jeffrey~Dean and
    Matthieu~Devin and
    Sanjay~Ghemawat and
    Ian~Goodfellow and
    Andrew~Harp and
    Geoffrey~Irving and
    Michael~Isard and
    Yangqing Jia and
    Rafal~Jozefowicz and
    Lukasz~Kaiser and
    Manjunath~Kudlur and
    Josh~Levenberg and
    Dandelion~Man\'{e} and
    Rajat~Monga and
    Sherry~Moore and
    Derek~Murray and
    Chris~Olah and
    Mike~Schuster and
    Jonathon~Shlens and
    Benoit~Steiner and
    Ilya~Sutskever and
    Kunal~Talwar and
    Paul~Tucker and
    Vincent~Vanhoucke and
    Vijay~Vasudevan and
    Fernanda~Vi\'{e}gas and
    Oriol~Vinyals and
    Pete~Warden and
    Martin~Wattenberg and
    Martin~Wicke and
    Yuan~Yu and
    Xiaoqiang~Zheng},
  year={2015},
}
@inproceedings{paszke2017automatic,
  title={Automatic differentiation in PyTorch},
  author={Paszke, Adam and Gross, Sam and Chintala, Soumith and Chanan, Gregory
      and Yang, Edward and DeVito, Zachary and Lin, Zeming and Desmaison, Alban
          and Antiga, Luca and Lerer, Adam}, booktitle={NIPS-W},
  year={2017}
}

@inproceedings{tokui2015chainer,
  title={Chainer: a next-generation open source framework for deep learning},
  author={Tokui, Seiya and Oono, Kenta and Hido, Shohei and Clayton, Justin},
  booktitle={Proceedings of workshop on machine learning systems (LearningSys)
      in the twenty-ninth annual conference on neural information processing
          systems (NIPS)},
  volume={5},
  pages={1--6},
  year={2015}
}
@inproceedings{krizhevsky2012imagenet,
  title={Imagenet classification with deep convolutional neural networks},
  author={Krizhevsky, Alex and Sutskever, Ilya and Hinton, Geoffrey E},
  booktitle={Advances in neural information processing systems},
  pages={1097--1105},
  year={2012}
}
@inproceedings{huang2017densely,
  title={Densely Connected Convolutional Networks.},
  author={Huang, Gao and Liu, Zhuang and Van Der Maaten, Laurens and Weinberger, Kilian Q},
  booktitle={CVPR},
  volume={1},
  number={2},
  pages={3},
  year={2017}
}
@inproceedings{he2016deep,
  title={Deep residual learning for image recognition},
  author={He, Kaiming and Zhang, Xiangyu and Ren, Shaoqing and Sun, Jian},
  booktitle={Proceedings of the IEEE conference on computer vision and pattern recognition},
  pages={770--778},
  year={2016}
}
@article{pleiss2017memory,
  title={Memory-Efficient Implementation of DenseNets},
  author={Pleiss, Geoff and Chen, Danlu and Huang, Gao and Li, Tongcheng and van der Maaten, Laurens and Weinberger, Kilian Q},
  journal={arXiv preprint arXiv:1707.06990},
  year={2017}
}

@article{jacobs1988increased,
  title={Increased rates of convergence through learning rate adaptation},
  author={Jacobs, Robert A},
  journal={Neural networks},
  volume={1},
  number={4},
  pages={295--307},
  year={1988},
  publisher={Elsevier}
}
@article{kingma2014adam,
  title={Adam: A method for stochastic optimization},
  author={Kingma, Diederik P and Ba, Jimmy},
  journal={arXiv preprint arXiv:1412.6980},
  year={2014}
}

@techreport{krizhevsky2009learning,
  title={Learning multiple layers of features from tiny images},
  author={Krizhevsky, Alex and Hinton, Geoffrey},
  year={2009},
  institution={Citeseer}
}
@misc{karpathycs231n,
    author={Karpathy, Andrej},
    title={Convolutional Neural Networks for Visual Recognition Lecture Notes},
    year={2015},
    howpublished={\url{http://cs231n.github.io/neural-networks-3/#ratio}}
}
@article{shakedrop,
  author    = {Yoshihiro Yamada and Masakazu Iwamura and Koichi Kise},
  title     = {ShakeDrop regularization},
  journal   = {CoRR},
  volume    = {abs/1802.02375},
  year      = {2018},
  url       = {http://arxiv.org/abs/1802.02375},
  archivePrefix = {arXiv},
  eprint    = {1802.02375},
  timestamp = {Mon, 13 Aug 2018 16:46:25 +0200},
  biburl    = {https://dblp.org/rec/bib/journals/corr/abs-1802-02375},
  bibsource = {dblp computer science bibliography, https://dblp.org}
}

@book{lamport,
 author = {Lamport, Leslie},
 title = {Latex: A Document Preparation System},
 year = {1986},
 isbn = {0-201-15790-X},
 publisher = {Addison-Wesley Longman Publishing Co., Inc.},
 address = {Boston, MA, USA},
}
@article{torvalds2008linux,
  title={The linux kernel},
  author={Torvalds, Linus and others},
  journal={URL http://www. kernel. org},
  year={2008}
}

@inproceedings{lattnerLLVM,
 author = {Lattner, Chris and Adve, Vikram},
 title = {LLVM: A Compilation Framework for Lifelong Program Analysis \& Transformation},
 booktitle = {Proceedings of the International Symposium on Code Generation and Optimization: Feedback-directed and Runtime Optimization},
 series = {CGO '04},
 year = {2004},
 isbn = {0-7695-2102-9},
 location = {Palo Alto, California},
 pages = {75--},
 url = {http://dl.acm.org/citation.cfm?id=977395.977673},
 acmid = {977673},
 publisher = {IEEE Computer Society},
 address = {Washington, DC, USA},
}
@misc{scipy,
  author =    {Eric Jones and Travis Oliphant and Pearu Peterson and others},
  title =     {{SciPy}: Open source scientific tools for {Python}},
  year =      {2001--},
  url = "http://www.scipy.org/",
}
@InProceedings{sacred,
  author    = { {K}laus {G}reff and {A}aron {K}lein and {M}artin {C}hovanec and {F}rank {H}utter and {J}\"urgen {S}chmidhuber },
  title     = { {T}he {S}acred {I}nfrastructure for {C}omputational {R}esearch },
  booktitle = { {P}roceedings of the 16th {P}ython in {S}cience {C}onference },
  pages     = { 49 - 56 },
  year      = { 2017 },
  editor    = { {K}aty {H}uff and {D}avid {L}ippa and {D}illon {N}iederhut and {M} {P}acer },
  doi       = { 10.25080/shinma-7f4c6e7-008 }
}
@inproceedings{dauphin2014identifying,
  title={Identifying and attacking the saddle point problem in high-dimensional
  non-convex optimization},
  author={Dauphin, Yann N and Pascanu, Razvan and Gulcehre, Caglar and Cho,
      Kyunghyun and Ganguli, Surya and Bengio, Yoshua},
  booktitle={Advances in neural information processing systems},
  pages={2933--2941},
  year={2014}
}
@article{liu1989limited,
  title={On the limited memory BFGS method for large scale optimization},
  author={Liu, Dong C and Nocedal, Jorge},
  journal={Mathematical programming},
  volume={45},
  number={1-3},
  pages={503--528},
  year={1989},
  publisher={Springer}
}
@article{fletcher1964function,
  title={Function minimization by conjugate gradients},
  author={Fletcher, Reeves and Reeves, Colin M},
  journal={The computer journal},
  volume={7},
  number={2},
  pages={149--154},
  year={1964},
  publisher={Oxford University Press}
}
@misc{golmant2018,
  author = {Noah Golmant},
  title = {Pytorch-Hessian-Eigenthings},
  year = {2018},
  publisher = {GitHub},
  journal = {GitHub repository},
  howpublished = {\url{https://github.com/noahgolmant/pytorch-hessian-eigenthings/}},
}
@article{alain2018negative,
  title={Negative eigenvalues of the Hessian in deep neural networks},
  author={Alain, Guillaume and Le Roux, Nicolas and Manzagol, Pierre-Antoine},
  year={2018}
}
@article{yao2018hessian,
  title={Hessian-based Analysis of Large Batch Training and Robustness to Adversaries},
  author={Yao, Zhewei and Gholami, Amir and Lei, Qi and Keutzer, Kurt and Mahoney, Michael W},
  journal={arXiv preprint arXiv:1802.08241},
  year={2018}
}
@article{keskar2016large,
  title={On large-batch training for deep learning: Generalization gap and sharp minima},
  author={Keskar, Nitish Shirish and Mudigere, Dheevatsa and Nocedal, Jorge and Smelyanskiy, Mikhail and Tang, Ping Tak Peter},
  journal={arXiv preprint arXiv:1609.04836},
  year={2016}
}
@article{saad1998online,
  title={Online algorithms and stochastic approximations},
  author={Saad, David},
  journal={Online Learning},
  volume={5},
  year={1998},
  publisher={Cambridge Univ. Press}
}
